<?xml version="1.0" encoding="UTF-8"?>
<record>
  <leader>02104nam a2200349 c 4500</leader>
  <controlfield tag="003">DE-605</controlfield>
  <controlfield tag="005">20241210094116.0</controlfield>
  <controlfield tag="007">tu</controlfield>
  <controlfield tag="008">920512|1661    gw            ||| | lat c</controlfield>
  <controlfield tag="001">990049090780206441</controlfield>
  <datafield tag="016" ind1="7" ind2=" ">
    <subfield code="a">1067434335</subfield>
    <subfield code="2">OCoLC</subfield>
  </datafield>
  <datafield tag="024" ind1="7" ind2=" ">
    <subfield code="a">VD17 14:632124N</subfield>
    <subfield code="2">vd17</subfield>
  </datafield>
  <datafield tag="035" ind1=" " ind2=" ">
    <subfield code="a">(DE-605)HT004195079</subfield>
  </datafield>
  <datafield tag="040" ind1=" " ind2=" ">
    <subfield code="a">HBZ/OZK</subfield>
    <subfield code="b">ger</subfield>
    <subfield code="c">DE-605</subfield>
    <subfield code="d">6</subfield>
    <subfield code="d">DE-605</subfield>
    <subfield code="e">rda</subfield>
  </datafield>
  <datafield tag="041" ind1=" " ind2=" ">
    <subfield code="a">lat</subfield>
  </datafield>
  <datafield tag="044" ind1=" " ind2=" ">
    <subfield code="c">XA-DXDE</subfield>
  </datafield>
  <datafield tag="100" ind1="1" ind2=" ">
    <subfield code="a">Wesseling, Hermann</subfield>
    <subfield code="0">(DE-588)124544185</subfield>
    <subfield code="4">aut</subfield>
    <subfield code="0">https://d-nb.info/gnd/124544185</subfield>
    <subfield code="0">http://viaf.org/viaf/18159895</subfield>
    <subfield code="B">GND-124544185</subfield>
  </datafield>
  <datafield tag="245" ind1="1" ind2="0">
    <subfield code="a">Nomognosticon Ivris Vniversi Bipartitvm, Sive Avrifodina Præecipuarum Legum &amp; Canonum in Praxi versatilium, utriusque Iuris tum Publici tum Privati</subfield>
    <subfield code="b">In Qva velut in imis Terræ latebris venæ Legalis Politiæ pro utroque foro aperiuntur, &amp; totius pene Mundi iura Regnorum, præsertim S. Rom. Imp. cum Regnis Hisp. Gall. Britan. &amp;c. Turcici, Tartar. &amp;c. Per IV. Mundi Partes cum Novo Orbe Carolino ...</subfield>
    <subfield code="c">Authore R.P. Hermanno Wesselingio I.V.D. Insignium V. Cath. S. Pauli &amp; S. Martini Monasterii VV. nec non B. ad S. Remigium Ecclesiarum olim Canonico, nunc C.D.</subfield>
  </datafield>
  <datafield tag="246" ind1="3" ind2=" ">
    <subfield code="a">Nomognosticon iuris universi bipartitum, sive Aurifodina praecipuarum legum &amp; canonum in praxi versatilium, utriusque iuris tum publici tum privati</subfield>
  </datafield>
  <datafield tag="264" ind1=" " ind2="1">
    <subfield code="a">Coloniæ Agrippinæ</subfield>
    <subfield code="b">Apud Iodocum Kalcovium Bibliopolam</subfield>
    <subfield code="c">M.DC.LXI.</subfield>
  </datafield>
  <datafield tag="300" ind1=" " ind2=" ">
    <subfield code="a">32 ungezählte Seiten, 980 Seiten, 16 ungezählte Seiten, Seite 981-1883</subfield>
    <subfield code="c">8°</subfield>
  </datafield>
  <datafield tag="336" ind1=" " ind2=" ">
    <subfield code="b">txt</subfield>
  </datafield>
  <datafield tag="337" ind1=" " ind2=" ">
    <subfield code="b">n</subfield>
  </datafield>
  <datafield tag="338" ind1=" " ind2=" ">
    <subfield code="b">nc</subfield>
  </datafield>
  <datafield tag="035" ind1=" " ind2=" ">
    <subfield code="a">(OCoLC)1067434335</subfield>
  </datafield>
  <datafield tag="035" ind1=" " ind2=" ">
    <subfield code="a">(DE-599)HBZHT004195079</subfield>
  </datafield>
  <datafield tag="700" ind1="1" ind2=" ">
    <subfield code="a">Kalckhoven, Jost</subfield>
    <subfield code="d">1620-1669</subfield>
    <subfield code="0">(DE-588)137706588</subfield>
    <subfield code="4">prt</subfield>
    <subfield code="0">https://d-nb.info/gnd/137706588</subfield>
    <subfield code="0">http://viaf.org/viaf/2429759</subfield>
    <subfield code="B">GND-137706588</subfield>
  </datafield>
  <datafield tag="710" ind1="2" ind2=" ">
    <subfield code="a">Kalckhoven</subfield>
    <subfield code="g">Offizin, Köln</subfield>
    <subfield code="0">(DE-588)1090684045</subfield>
    <subfield code="4">pbl</subfield>
    <subfield code="0">https://d-nb.info/gnd/1090684045</subfield>
    <subfield code="0">http://viaf.org/viaf/3131145856973222920627</subfield>
    <subfield code="B">GND-1090684045</subfield>
  </datafield>
  <datafield tag="751" ind1=" " ind2=" ">
    <subfield code="a">Köln</subfield>
    <subfield code="0">(DE-588)4031483-2</subfield>
    <subfield code="4">pup</subfield>
    <subfield code="0">https://d-nb.info/gnd/040314839</subfield>
    <subfield code="B">GND-040314839</subfield>
  </datafield>
  <datafield tag="776" ind1="0" ind2="8">
    <subfield code="i">Reproduktion</subfield>
    <subfield code="a">Wesseling, Hermann</subfield>
    <subfield code="t">Nomognosticon Ivris Vniversi Bipartitvm, Sive Avrifodina Præecipuarum Legum &amp; Canonum in Praxi versatilium, utriusque Iuris tum Publici tum Privati</subfield>
    <subfield code="w">(DE-605)CT005026251</subfield>
    <subfield code="w">(DE-605)CT005026249</subfield>
  </datafield>
  <datafield tag="500" ind1=" " ind2=" ">
    <subfield code="a">Vorlageform der Veröffentlichungsangabe des 2. Teils: Coloniae Aggrippinae, Apud Iodocum Kalcovium</subfield>
  </datafield>
  <datafield tag="500" ind1=" " ind2=" ">
    <subfield code="a">Paginierfehler: Seite 339 fälschlich als Seite 315 paginiert</subfield>
  </datafield>
  <datafield tag="MBD" ind1=" " ind2=" ">
    <subfield code="M">49HBZ_NETWORK</subfield>
    <subfield code="i">990049090780206441</subfield>
    <subfield code="n">HBZ Network</subfield>
  </datafield>
  <datafield tag="MBD" ind1=" " ind2=" ">
    <subfield code="M">49HBZ_ULM</subfield>
    <subfield code="i">991031171749706449</subfield>
    <subfield code="n">Universität Münster</subfield>
  </datafield>
  <datafield tag="MNG" ind1=" " ind2=" ">
    <subfield code="c">dhoev_01######49HBZ_ULM</subfield>
    <subfield code="f">HBZ</subfield>
    <subfield code="i">marc21</subfield>
    <subfield code="h">20211206081800.0</subfield>
    <subfield code="l">66</subfield>
    <subfield code="k">01</subfield>
    <subfield code="e">false</subfield>
    <subfield code="d">2024-12-10 09:41:16 Europe/Berlin</subfield>
    <subfield code="g">004909078-HBZ01</subfield>
    <subfield code="j">60</subfield>
    <subfield code="a">import</subfield>
    <subfield code="b">2021-04-05 21:43:31 Europe/Berlin</subfield>
  </datafield>
  <datafield tag="H52" ind1="8" ind2=" ">
    <subfield code="b">HLS</subfield>
    <subfield code="c">HLS_RAFUE</subfield>
    <subfield code="h">Ia 234-1_2</subfield>
    <subfield code="8">22689494510006449</subfield>
  </datafield>
  <datafield tag="HOL" ind1=" " ind2=" ">
    <subfield code="d">2024-12-06 09:52:34</subfield>
    <subfield code="8">22689494510006449</subfield>
    <subfield code="b">2024-12-06 09:52:34</subfield>
    <subfield code="M">49HBZ_ULM</subfield>
    <subfield code="g">false</subfield>
    <subfield code="a">dhoev_01</subfield>
    <subfield code="c">dhoev_01</subfield>
  </datafield>
  <datafield tag="H52" ind1="8" ind2=" ">
    <subfield code="b">HLS</subfield>
    <subfield code="c">HLS_RAFUE</subfield>
    <subfield code="h">Ia 234/2</subfield>
    <subfield code="8">22689494450006449</subfield>
  </datafield>
  <datafield tag="HOL" ind1=" " ind2=" ">
    <subfield code="d">2024-12-06 09:59:55</subfield>
    <subfield code="8">22689494450006449</subfield>
    <subfield code="b">2024-12-06 09:59:55</subfield>
    <subfield code="M">49HBZ_ULM</subfield>
    <subfield code="g">false</subfield>
    <subfield code="a">dhoev_01</subfield>
    <subfield code="c">dhoev_01</subfield>
  </datafield>
  <datafield tag="ITM" ind1=" " ind2=" ">
    <subfield code="H">22689494510006449</subfield>
    <subfield code="x">HLS_RAFUE</subfield>
    <subfield code="I">Altsignaturen</subfield>
    <subfield code="f">BOOK</subfield>
    <subfield code="v">HLS_RAFUE</subfield>
    <subfield code="X">dhoev_01</subfield>
    <subfield code="U">2022-07-10 11:52:21 Europe/Berlin</subfield>
    <subfield code="Y">2024-12-06 11:53:15 Europe/Berlin</subfield>
    <subfield code="h">false</subfield>
    <subfield code="J">Provenienz: Exlibris "Ex Bibliotheca Snellenbergica LL. Baronum De Fürstenberg. Insigniter Aucta per Clem. Lothar S.R.I.L.B. De Fürstenberg" ; Seite 319-338 des 1. Teils stark beschädigt und mit größeren Fehlstellen ; Titelei des 2. Teils = 16 ungezählte Seiten am Ende von Teil 2 eingebunden</subfield>
    <subfield code="Q">SISIS-Ausleihzähler Migrationsjahr: 0 | SISIS-Ausleihzähler Vor-Migrationsjahr: 3 | SISIS-Ausleihzähler vorletztes Migrationsjahr: 0</subfield>
    <subfield code="M">49HBZ_ULM</subfield>
    <subfield code="A">true</subfield>
    <subfield code="s">0</subfield>
    <subfield code="d">8</subfield>
    <subfield code="V">import</subfield>
    <subfield code="b">6-00694121-X</subfield>
    <subfield code="a">23553163060006449</subfield>
    <subfield code="R">DBS-Systematik: 0</subfield>
    <subfield code="c">Ia 234-1_2</subfield>
    <subfield code="r">LOAN</subfield>
    <subfield code="W">2022-07-11 13:03:59 Europe/Berlin</subfield>
    <subfield code="u">HLS</subfield>
    <subfield code="w">HLS</subfield>
  </datafield>
  <datafield tag="ITM" ind1=" " ind2=" ">
    <subfield code="H">22689494450006449</subfield>
    <subfield code="x">HLS_RAFUE</subfield>
    <subfield code="I">Altsignaturen</subfield>
    <subfield code="f">BOOK</subfield>
    <subfield code="v">HLS_RAFUE</subfield>
    <subfield code="X">dhoev_01</subfield>
    <subfield code="U">2022-07-10 11:09:37 Europe/Berlin</subfield>
    <subfield code="Y">2024-12-06 11:40:56 Europe/Berlin</subfield>
    <subfield code="h">false</subfield>
    <subfield code="J">Nur Teil 2 vorhanden = 16 ungezählte Seiten, Seite 981-1883</subfield>
    <subfield code="Q">SISIS-Ausleihzähler Migrationsjahr: 1 | SISIS-Ausleihzähler Vor-Migrationsjahr: 5 | SISIS-Ausleihzähler vorletztes Migrationsjahr: 0</subfield>
    <subfield code="M">49HBZ_ULM</subfield>
    <subfield code="A">true</subfield>
    <subfield code="s">0</subfield>
    <subfield code="d">8</subfield>
    <subfield code="V">import</subfield>
    <subfield code="b">6-00694122-2</subfield>
    <subfield code="a">23553160180006449</subfield>
    <subfield code="R">DBS-Systematik: 0</subfield>
    <subfield code="c">Ia 234/2</subfield>
    <subfield code="r">LOAN</subfield>
    <subfield code="W">2022-07-11 13:03:59 Europe/Berlin</subfield>
    <subfield code="u">HLS</subfield>
    <subfield code="w">HLS</subfield>
  </datafield>
  <datafield tag="GPN" ind1="1" ind2=" ">
    <subfield code="a">Wesselingius, Hermannus</subfield>
    <subfield code="A">GND</subfield>
    <subfield code="B">GND-124544185</subfield>
    <subfield code="C">400</subfield>
  </datafield>
  <datafield tag="GPN" ind1="1" ind2=" ">
    <subfield code="a">Wessling, Hermann</subfield>
    <subfield code="A">GND</subfield>
    <subfield code="B">GND-124544185</subfield>
    <subfield code="C">400</subfield>
  </datafield>
  <datafield tag="GSI" ind1="7" ind2=" ">
    <subfield code="a">124544185</subfield>
    <subfield code="0">http://d-nb.info/gnd/124544185</subfield>
    <subfield code="2">gnd</subfield>
    <subfield code="A">GND</subfield>
    <subfield code="B">GND-124544185</subfield>
    <subfield code="C">024</subfield>
  </datafield>
  <datafield tag="GSI" ind1="7" ind2=" ">
    <subfield code="a">4031483-2</subfield>
    <subfield code="0">http://d-nb.info/gnd/4031483-2</subfield>
    <subfield code="2">gnd</subfield>
    <subfield code="A">GND</subfield>
    <subfield code="B">GND-040314839</subfield>
    <subfield code="C">024</subfield>
  </datafield>
  <datafield tag="GGN" ind1=" " ind2=" ">
    <subfield code="a">Keln</subfield>
    <subfield code="A">GND</subfield>
    <subfield code="B">GND-040314839</subfield>
    <subfield code="C">451</subfield>
  </datafield>
  <datafield tag="GGN" ind1=" " ind2=" ">
    <subfield code="a">Keulen</subfield>
    <subfield code="A">GND</subfield>
    <subfield code="B">GND-040314839</subfield>
    <subfield code="C">451</subfield>
  </datafield>
  <datafield tag="GGN" ind1=" " ind2=" ">
    <subfield code="a">Cölln</subfield>
    <subfield code="g">Köln</subfield>
    <subfield code="A">GND</subfield>
    <subfield code="B">GND-040314839</subfield>
    <subfield code="C">451</subfield>
  </datafield>
  <datafield tag="GGN" ind1=" " ind2=" ">
    <subfield code="a">Groß-Köln</subfield>
    <subfield code="A">GND</subfield>
    <subfield code="B">GND-040314839</subfield>
    <subfield code="C">451</subfield>
  </datafield>
  <datafield tag="GGN" ind1=" " ind2=" ">
    <subfield code="a">Kūlūniyā</subfield>
    <subfield code="A">GND</subfield>
    <subfield code="B">GND-040314839</subfield>
    <subfield code="C">451</subfield>
  </datafield>
  <datafield tag="GGN" ind1=" " ind2=" ">
    <subfield code="a">Kerun</subfield>
    <subfield code="A">GND</subfield>
    <subfield code="B">GND-040314839</subfield>
    <subfield code="C">451</subfield>
  </datafield>
  <datafield tag="GGN" ind1=" " ind2=" ">
    <subfield code="a">Oppidum Ubiorum</subfield>
    <subfield code="A">GND</subfield>
    <subfield code="B">GND-040314839</subfield>
    <subfield code="C">451</subfield>
  </datafield>
  <datafield tag="GGN" ind1=" " ind2=" ">
    <subfield code="a">Ara Ubiorum</subfield>
    <subfield code="A">GND</subfield>
    <subfield code="B">GND-040314839</subfield>
    <subfield code="C">451</subfield>
  </datafield>
  <datafield tag="GGN" ind1=" " ind2=" ">
    <subfield code="a">Colonia Claudia Ara Agrippinensium</subfield>
    <subfield code="9">v:röm.</subfield>
    <subfield code="A">GND</subfield>
    <subfield code="B">GND-040314839</subfield>
    <subfield code="C">451</subfield>
  </datafield>
  <datafield tag="GGN" ind1=" " ind2=" ">
    <subfield code="a">CCAA</subfield>
    <subfield code="4">abku</subfield>
    <subfield code="4">https://d-nb.info/standards/elementset/gnd#abbreviatedNameForThePlaceOrGeographicName</subfield>
    <subfield code="w">r</subfield>
    <subfield code="i">Abkuerzung</subfield>
    <subfield code="9">v:röm.</subfield>
    <subfield code="A">GND</subfield>
    <subfield code="B">GND-040314839</subfield>
    <subfield code="C">451</subfield>
  </datafield>
  <datafield tag="GGN" ind1=" " ind2=" ">
    <subfield code="a">Colonia Agrippina</subfield>
    <subfield code="9">v:röm.</subfield>
    <subfield code="A">GND</subfield>
    <subfield code="B">GND-040314839</subfield>
    <subfield code="C">451</subfield>
  </datafield>
  <datafield tag="GGN" ind1=" " ind2=" ">
    <subfield code="a">Colonia Agrippinensis</subfield>
    <subfield code="9">v:röm.</subfield>
    <subfield code="A">GND</subfield>
    <subfield code="B">GND-040314839</subfield>
    <subfield code="C">451</subfield>
  </datafield>
  <datafield tag="GGN" ind1=" " ind2=" ">
    <subfield code="a">Colonia</subfield>
    <subfield code="g">Köln</subfield>
    <subfield code="A">GND</subfield>
    <subfield code="B">GND-040314839</subfield>
    <subfield code="C">451</subfield>
  </datafield>
  <datafield tag="GGN" ind1=" " ind2=" ">
    <subfield code="a">Colonia Ubiorum</subfield>
    <subfield code="A">GND</subfield>
    <subfield code="B">GND-040314839</subfield>
    <subfield code="C">451</subfield>
  </datafield>
  <datafield tag="GGN" ind1=" " ind2=" ">
    <subfield code="a">Kölln am Rheine</subfield>
    <subfield code="A">GND</subfield>
    <subfield code="B">GND-040314839</subfield>
    <subfield code="C">451</subfield>
  </datafield>
  <datafield tag="GGN" ind1=" " ind2=" ">
    <subfield code="a">Stadt Köln</subfield>
    <subfield code="A">GND</subfield>
    <subfield code="B">GND-040314839</subfield>
    <subfield code="C">451</subfield>
  </datafield>
  <datafield tag="GGN" ind1=" " ind2=" ">
    <subfield code="a">Cöln</subfield>
    <subfield code="A">GND</subfield>
    <subfield code="B">GND-040314839</subfield>
    <subfield code="C">451</subfield>
  </datafield>
  <datafield tag="GGN" ind1=" " ind2=" ">
    <subfield code="a">Cöllen</subfield>
    <subfield code="A">GND</subfield>
    <subfield code="B">GND-040314839</subfield>
    <subfield code="C">451</subfield>
  </datafield>
  <datafield tag="GGN" ind1=" " ind2=" ">
    <subfield code="a">Cologne</subfield>
    <subfield code="A">GND</subfield>
    <subfield code="B">GND-040314839</subfield>
    <subfield code="C">451</subfield>
  </datafield>
  <datafield tag="GGN" ind1=" " ind2=" ">
    <subfield code="a">Colonia ad Rhenum</subfield>
    <subfield code="A">GND</subfield>
    <subfield code="B">GND-040314839</subfield>
    <subfield code="C">451</subfield>
  </datafield>
  <datafield tag="GGN" ind1=" " ind2=" ">
    <subfield code="a">Hansestadt Köln</subfield>
    <subfield code="A">GND</subfield>
    <subfield code="B">GND-040314839</subfield>
    <subfield code="C">451</subfield>
  </datafield>
  <datafield tag="GGN" ind1=" " ind2=" ">
    <subfield code="a">Gross-Köln</subfield>
    <subfield code="A">GND</subfield>
    <subfield code="B">GND-040314839</subfield>
    <subfield code="C">451</subfield>
  </datafield>
  <datafield tag="GGN" ind1=" " ind2=" ">
    <subfield code="a">Colonia Agrippina</subfield>
    <subfield code="A">GND</subfield>
    <subfield code="B">GND-040314839</subfield>
    <subfield code="C">451</subfield>
  </datafield>
  <datafield tag="GGN" ind1=" " ind2=" ">
    <subfield code="a">Colonia Ubiorum</subfield>
    <subfield code="A">GND</subfield>
    <subfield code="B">GND-040314839</subfield>
    <subfield code="C">451</subfield>
  </datafield>
  <datafield tag="GKT" ind1="2" ind2=" ">
    <subfield code="9">L:fre</subfield>
    <subfield code="a">Kalckhoven</subfield>
    <subfield code="g">Imprimerie, Cologne</subfield>
    <subfield code="5">CH-GND</subfield>
    <subfield code="A">GND</subfield>
    <subfield code="B">GND-1090684045</subfield>
    <subfield code="C">410</subfield>
  </datafield>
  <datafield tag="GKT" ind1="2" ind2=" ">
    <subfield code="9">L:eng</subfield>
    <subfield code="a">Kalckhoven</subfield>
    <subfield code="g">Printing office, Köln</subfield>
    <subfield code="5">CH-GND</subfield>
    <subfield code="A">GND</subfield>
    <subfield code="B">GND-1090684045</subfield>
    <subfield code="C">410</subfield>
  </datafield>
  <datafield tag="GKT" ind1="2" ind2=" ">
    <subfield code="a">Kalckhoven, Jost</subfield>
    <subfield code="g">Offizin, Köln</subfield>
    <subfield code="A">GND</subfield>
    <subfield code="B">GND-1090684045</subfield>
    <subfield code="C">410</subfield>
  </datafield>
  <datafield tag="GKT" ind1="2" ind2=" ">
    <subfield code="a">Kalckhoven, Jost</subfield>
    <subfield code="g">Imprimerie, Cologne</subfield>
    <subfield code="A">GND</subfield>
    <subfield code="B">GND-1090684045</subfield>
    <subfield code="C">410</subfield>
  </datafield>
  <datafield tag="GKT" ind1="2" ind2=" ">
    <subfield code="a">Kalckhoven, Jost</subfield>
    <subfield code="g">Printing office, Köln</subfield>
    <subfield code="A">GND</subfield>
    <subfield code="B">GND-1090684045</subfield>
    <subfield code="C">410</subfield>
  </datafield>
  <datafield tag="GKT" ind1="2" ind2=" ">
    <subfield code="a">Kalcovius, Iodocus</subfield>
    <subfield code="g">Offizin, Köln</subfield>
    <subfield code="A">GND</subfield>
    <subfield code="B">GND-1090684045</subfield>
    <subfield code="C">410</subfield>
  </datafield>
  <datafield tag="GKT" ind1="2" ind2=" ">
    <subfield code="a">Kalcovius, Iodocus</subfield>
    <subfield code="g">Imprimerie, Cologne</subfield>
    <subfield code="A">GND</subfield>
    <subfield code="B">GND-1090684045</subfield>
    <subfield code="C">410</subfield>
  </datafield>
  <datafield tag="GKT" ind1="2" ind2=" ">
    <subfield code="a">Kalcovius, Iodocus</subfield>
    <subfield code="g">Printing office, Köln</subfield>
    <subfield code="A">GND</subfield>
    <subfield code="B">GND-1090684045</subfield>
    <subfield code="C">410</subfield>
  </datafield>
  <datafield tag="GKT" ind1="2" ind2=" ">
    <subfield code="a">Kalcoven, Iodocus</subfield>
    <subfield code="g">Offizin, Köln</subfield>
    <subfield code="A">GND</subfield>
    <subfield code="B">GND-1090684045</subfield>
    <subfield code="C">410</subfield>
  </datafield>
  <datafield tag="GKT" ind1="2" ind2=" ">
    <subfield code="a">Kalcoven, Iodocus</subfield>
    <subfield code="g">Imprimerie, Cologne</subfield>
    <subfield code="A">GND</subfield>
    <subfield code="B">GND-1090684045</subfield>
    <subfield code="C">410</subfield>
  </datafield>
  <datafield tag="GKT" ind1="2" ind2=" ">
    <subfield code="a">Kalcoven, Iodocus</subfield>
    <subfield code="g">Printing office, Köln</subfield>
    <subfield code="A">GND</subfield>
    <subfield code="B">GND-1090684045</subfield>
    <subfield code="C">410</subfield>
  </datafield>
  <datafield tag="GSI" ind1="7" ind2=" ">
    <subfield code="a">1090684045</subfield>
    <subfield code="0">http://d-nb.info/gnd/1090684045</subfield>
    <subfield code="2">gnd</subfield>
    <subfield code="A">GND</subfield>
    <subfield code="B">GND-1090684045</subfield>
    <subfield code="C">024</subfield>
  </datafield>
  <datafield tag="GPN" ind1="1" ind2=" ">
    <subfield code="a">Calcovius, Jost</subfield>
    <subfield code="d">1620-1669</subfield>
    <subfield code="A">GND</subfield>
    <subfield code="B">GND-137706588</subfield>
    <subfield code="C">400</subfield>
  </datafield>
  <datafield tag="GPN" ind1="1" ind2=" ">
    <subfield code="a">Calcovius, Jodocus</subfield>
    <subfield code="d">1620-1669</subfield>
    <subfield code="A">GND</subfield>
    <subfield code="B">GND-137706588</subfield>
    <subfield code="C">400</subfield>
  </datafield>
  <datafield tag="GPN" ind1="1" ind2=" ">
    <subfield code="a">Calckovius, Jodocus</subfield>
    <subfield code="d">1620-1669</subfield>
    <subfield code="A">GND</subfield>
    <subfield code="B">GND-137706588</subfield>
    <subfield code="C">400</subfield>
  </datafield>
  <datafield tag="GPN" ind1="1" ind2=" ">
    <subfield code="a">Kalcovius, Jodocus</subfield>
    <subfield code="d">1620-1669</subfield>
    <subfield code="A">GND</subfield>
    <subfield code="B">GND-137706588</subfield>
    <subfield code="C">400</subfield>
  </datafield>
  <datafield tag="GPN" ind1="1" ind2=" ">
    <subfield code="a">Kalcovius, Iodocus</subfield>
    <subfield code="d">1620-1669</subfield>
    <subfield code="A">GND</subfield>
    <subfield code="B">GND-137706588</subfield>
    <subfield code="C">400</subfield>
  </datafield>
  <datafield tag="GPN" ind1="1" ind2=" ">
    <subfield code="a">Kalcouius, Iodocus</subfield>
    <subfield code="d">1620-1669</subfield>
    <subfield code="A">GND</subfield>
    <subfield code="B">GND-137706588</subfield>
    <subfield code="C">400</subfield>
  </datafield>
  <datafield tag="GPN" ind1="1" ind2=" ">
    <subfield code="a">Kolcovius, Jodocus</subfield>
    <subfield code="d">1620-1669</subfield>
    <subfield code="A">GND</subfield>
    <subfield code="B">GND-137706588</subfield>
    <subfield code="C">400</subfield>
  </datafield>
  <datafield tag="GPN" ind1="1" ind2=" ">
    <subfield code="a">Kalckhoven, Jodocus</subfield>
    <subfield code="d">1620-1669</subfield>
    <subfield code="A">GND</subfield>
    <subfield code="B">GND-137706588</subfield>
    <subfield code="C">400</subfield>
  </datafield>
  <datafield tag="GPN" ind1="1" ind2=" ">
    <subfield code="a">Kalcoven, Jodocus</subfield>
    <subfield code="d">1620-1669</subfield>
    <subfield code="A">GND</subfield>
    <subfield code="B">GND-137706588</subfield>
    <subfield code="C">400</subfield>
  </datafield>
  <datafield tag="GPN" ind1="1" ind2=" ">
    <subfield code="a">Kalckovius, Iodocus</subfield>
    <subfield code="d">1620-1669</subfield>
    <subfield code="A">GND</subfield>
    <subfield code="B">GND-137706588</subfield>
    <subfield code="C">400</subfield>
  </datafield>
  <datafield tag="GPN" ind1="1" ind2=" ">
    <subfield code="a">Kalckovius, Jodocus</subfield>
    <subfield code="d">1620-1669</subfield>
    <subfield code="A">GND</subfield>
    <subfield code="B">GND-137706588</subfield>
    <subfield code="C">400</subfield>
  </datafield>
  <datafield tag="GSI" ind1="7" ind2=" ">
    <subfield code="a">137706588</subfield>
    <subfield code="0">http://d-nb.info/gnd/137706588</subfield>
    <subfield code="2">gnd</subfield>
    <subfield code="A">GND</subfield>
    <subfield code="B">GND-137706588</subfield>
    <subfield code="C">024</subfield>
  </datafield>
</record>
